@article { bergner,
    author = {Julia E. Bergner},
    title = {A model category structure on the category of simplicial categories},
    journal = {Transactions of the AMS},
    volume = {359},
    pages = {2043--2058},
    year = {2007}
}

@book { boardman-vogt,
    author = {J. M. Boardman and R. M. Vogt},
    title = {Homotopy Invariant Algebraic Structures on Topological Spaces},
    series = {Lecture Notes in Mathematics},
    number = {347},
    publisher = {Springer},
    year = {1973}
}

@article { dk-loc,
    author = {W. G. Dwyer and D. M. Kan},
    title = {Simplicial Localizations of Categories},
    journal = {Journal of Pure and Applied Algebra},
    volume = {17},
    pages = {267--284},
    year = {1980}
}

@article { dk-calc,
    author = {W. G. Dwyer and D. M. Kan},
    title = {Calculating Simplicial Localizations},
    journal = {Journal of Pure and Applied Algebra},
    volume = {18},
    pages = {17--35},
    year = {1980}
}

@online { hinich13,
    author = {Vladimir Hinich},
    title = {Dwyer--Kan Localization Revisited},
    eprint = {1311.4128},
    eprinttype = {arxiv},
    year = {2013}
}

@online { hinich,
    author = {Vladimir Hinich},
    title = {Lectures on Infinity Categories},
    eprint = {1709.06271},
    eprinttype = {arxiv},
    year = {2017}
}

@book { hott,
    author = {The Univalent Foundations Program},
    title = {Homotopy Type Theory},
    shorthand = {HoTT},
    year = {2013}
}

@book { hovey,
    author = {Mark Hovey},
    title = {Model Categories},
    series = {Mathematical Surveys and Monographs},
    number = {63},
    publisher = {AMS},
    year = {1999}
}

@article { joyal,
    author = {André Joyal},
    title = {Quasi-categories and Kan complexes},
    journal = {Journal of Pure and Applied Algebra},
    volume = {175},
    pages = {207--222},
    year = {2002}
}

@book { htt,
    author = {Jacob Lurie},
    title = {Higher Topos Theory},
    series = {Annals of Mathematics Studies},
    number = {170},
    publisher = {Princeton University Press},
    year = {2009}
}

@online { ha,
    author = {Jacob Lurie},
    title = {Higher Algebra},
    year = {2017}
}

@book { may,
    author = {J. P. May},
    title = {A Concise Course in Algebraic Topology},
    series = {Chicago Lectures in Mathematics},
    publisher = {University of Chicago Press},
    year = {1999}
}

@book { maclane,
    author = {Mac Lane, Saunders},
    title = {Categories for the Working Mathematician},
    series = {Graduate Texts in Mathematics},
    number = {5},
    publisher = {Springer},
    year = {1998}
}

@book { quillen,
    author = {Daniel G. Quillen},
    title = {Homotopical Algebra},
    series = {Lecture Notes in Mathematics},
    number = {43},
    publisher = {Springer},
    year = {1967}
}

@book { riehl,
    author = {Emily Riehl},
    title = {Categorical Homotopy Theory},
    series = {New Mathematical Monographs},
    number = {24},
    publisher = {Cambridge University Press},
    year = {2014}
}

@online { elements,
    author = {Emily Riehl and Dominic Verity},
    title = {Elements of $\infty$-Category Theory},
    year = {2019}
}

@article { tabuada,
    author = {Gonçalo Tabuada},
    title = {Une structure de catégorie de modèles de Quillen sur la catégorie des dg-catégories.},
    journal = {Comptes Rendus Mathématique},
    volume = {340},
    number = {1},
    pages = {15--19},
    year = {2005}
}

@book { weibel,
    author = {Charles A. Weibel},
    title = {An Introduction to Homological Algebra},
    series = {Cambridge Studies in Advanced Mathematics},
    number = {38},
    publisher = {Cambridge University Press},
    year = {1994}
}
