@book{Rie17,
  title={Category theory in context},
  author={Riehl, Emily},
  year={2017},
  publisher={Courier Dover Publications}
}
@book{KS06,
  title={Categories and Sheaves},
  author={Kashiwara, Masaki and Schapira, Pierre},
  series={Grundlehren der mathematischen Wissenschaften},
  number={332},
  year={2006},
  publisher={Springer}
}
@book{Qui67,
  title={Homotopical algebra},
  author={Quillen, Daniel G},
  series={Lecture Notes in Mathematics},
  number={43},
  year={1967},
  publisher={Springer}
}
@book{Fre64,
  title={Abelian categories},
  author={Freyd, Peter J},
  year={1964},
  publisher={Harper \& Row New York}
}