@book { Hida,
    author = {Haruzo Hida},
    title = {Geometric Modular Forms and Elliptic Curves},
    publisher = {World Scientific},
    year = {2011}
}

@book { Huybrechts,
    author = {Daniel Huybrechts},
    title = {Complex Geometry},
    series = {Universitext},
    publisher = {Springer},
    year = {2005}
}

@inbook { Katz,
    author = {N. M. Katz},
    title = {Serre--Tate local moduli},
    booktitle = {Surface Alg√©briques},
    series = {Lecture Notes in Mathematics},
    publisher = {Springer},
    number = {868},
    pages = {138--202},
    year = {1978}
}
